@preamble{ " \newcommand{\noop}[1]{} " } % a do-nothing command that serves a purpose

@ARTICLE{astropy,
author = {{Astropy Collaboration} and {Robitaille}, T.~P. and {Tollerud}, E.~J. and
    {Greenfield}, P. and {Droettboom}, M. and {Bray}, E. and {Aldcroft}, T. and
    {Davis}, M. and {Ginsburg}, A. and {Price-Whelan}, A.~M. and
    {Kerzendorf}, W.~E. and {Conley}, A. and {Crighton}, N. and
    {Barbary}, K. and {Muna}, D. and {Ferguson}, H. and {Grollier}, F. and
    {Parikh}, M.~M. and {Nair}, P.~H. and {Unther}, H.~M. and {Deil}, C. and
    {Woillez}, J. and {Conseil}, S. and {Kramer}, R. and {Turner}, J.~E.~H. and
    {Singer}, L. and {Fox}, R. and {Weaver}, B.~A. and {Zabalza}, V. and
    {Edwards}, Z.~I. and {Azalee Bostroem}, K. and {Burke}, D.~J. and
    {Casey}, A.~R. and {Crawford}, S.~M. and {Dencheva}, N. and
    {Ely}, J. and {Jenness}, T. and {Labrie}, K. and {Lim}, P.~L. and
    {Pierfederici}, F. and {Pontzen}, A. and {Ptak}, A. and {Refsdal}, B. and
    {Servillat}, M. and {Streicher}, O.},
title = "{Astropy: A community Python package for astronomy}",
journal = {\aap},
archivePrefix = "arXiv",
eprint = {1307.6212},
primaryClass = "astro-ph.IM",
keywords = {methods: data analysis, methods: miscellaneous, virtual observatory tools},
year = 2013,
month = oct,
volume = 558,
eid = {A33},
pages = {A33},
doi = {10.1051/0004-6361/201322068},
adsurl = {http://adsabs.harvard.edu/abs/2013A%26A...558A..33A},
adsnote = {Provided by the SAO/NASA Astrophysics Data System} }

@ARTICLE{emcee, 
  author = {{Foreman-Mackey}, D. and {Hogg}, D.~W. and {Lang}, D. and {Goodman}, J. },
  title = "{emcee: The MCMC Hammer}",
  journal = {\pasp},
  archivePrefix = "arXiv",
  eprint = {1202.3665},
  primaryClass = "astro-ph.IM",
  year = 2013,
  month = mar,
  volume = 125,
  pages = {306},
  doi = {10.1086/670067},
  adsurl = {http://adsabs.harvard.edu/abs/2013PASP..125..306F},
  adsnote = {Provided by the SAO/NASA Astrophysics Data System}}

@article{gala,
  doi = {10.21105/joss.00388},
  url = {https://doi.org/10.21105%2Fjoss.00388},
  year = 2017,
  month = {oct},
  publisher = {The Open Journal},
  volume = {2},
  number = {18},
  author = {Adrian M. Price-Whelan},
  title = {Gala: A Python package for galactic dynamics},
  journal = {The Journal of Open Source Software}
}

@Article{ipython,
 Author    = {P\'erez, Fernando and Granger, Brian E.},
 Title     = {{IP}ython: a System for Interactive Scientific Computing},
 Journal   = {Computing in Science and Engineering},
 Volume    = {9},
 Number    = {3},
 Pages     = {21--29},
 month     = may,
 year      = 2007,
 url       = "https://ipython.org",
 ISSN      = "1521-9615",
 doi       = {10.1109/MCSE.2007.53},
 publisher = {IEEE Computer Society} }
 
 @INPROCEEDINGS{iraf,
    author = {{Tody}, D.},
     title = "{The IRAF Data Reduction and Analysis System}",
 booktitle = {Instrumentation in astronomy VI},
      year = 1986,
    series = {\procspie},
    volume = 627,
    editor = {{Crawford}, D.~L.},
     month = jan,
     pages = {733},
       doi = {10.1117/12.968154},
    adsurl = {http://adsabs.harvard.edu/abs/1986SPIE..627..733T},
   adsnote = {Provided by the SAO/NASA Astrophysics Data System}
 }
 
 @ARTICLE{matplotlib,
    author = {{Hunter}, J.~D.},
     title = "{Matplotlib: A 2D Graphics Environment}",
   journal = {Computing in Science and Engineering},
  keywords = {Python, Scripting languages, Application development, Scientific programming  },
      year = 2007,
     month = may,
    volume = 9,
     pages = {90-95},
       doi = {10.1109/MCSE.2007.55},
    adsurl = {http://adsabs.harvard.edu/abs/2007CSE.....9...90H},
   adsnote = {Provided by the SAO/NASA Astrophysics Data System}
 }

@ARTICLE{numpy, 
	author={S. van der Walt and S. C. Colbert and G. Varoquaux}, 
	journal={Computing in Science Engineering}, 
	title={The NumPy Array: A Structure for Efficient Numerical Computation}, 
	year={2011}, 
	volume={13}, 
	number={2}, 
	pages={22-30}, 
	keywords={data structures;high level languages;mathematics computing;numerical analysis;Python programming language;high level language;numerical 	computation;numerical data;numpy array;Arrays;Computational efficiency;Finite element methods;Numerical analysis;Performance evaluation;Resource management;Vector 	quantization;NumPy;Python;numerical computations;programming libraries;scientific programming}, 
	doi={10.1109/MCSE.2011.37}, 
	ISSN={1521-9615}, 
	month={March}
}

@Misc{scipy,
  author =    {Eric Jones and Travis Oliphant and Pearu Peterson and others},
  title =     {{SciPy}: Open source scientific tools for {Python}},
  year =      {2001--},
  url = "http://www.scipy.org/",
  note = {[Online; accessed <today>]}
}

@ARTICLE{Olspert2018,
       author = {{Olspert}, N. and {Pelt}, J. and {K{\"a}pyl{\"a}}, M.~J. and
         {Lehtinen}, J.},
        title = "{Estimating activity cycles with probabilistic methods. I. Bayesian generalised Lomb-Scargle periodogram with trend}",
      journal = {\aap},
     keywords = {methods: statistical, methods: numerical, stars: activity, Astrophysics - Solar and Stellar Astrophysics, Astrophysics - Instrumentation and Methods for Astrophysics, Statistics - Applications, Statistics - Machine Learning},
         year = "2018",
        month = "Jul",
       volume = {615},
          eid = {A111},
        pages = {A111},
          doi = {10.1051/0004-6361/201732524},
archivePrefix = {arXiv},
       eprint = {1712.08235},
 primaryClass = {astro-ph.SR},
       adsurl = {https://ui.adsabs.harvard.edu/abs/2018A&A...615A.111O},
      adsnote = {Provided by the SAO/NASA Astrophysics Data System}
}

@ARTICLE{Feng2017,
       author = {{Feng}, F. and {Tuomi}, M. and {Jones}, H.~R.~A.},
        title = "{Agatha: disentangling periodic signals from correlated noise in a periodogram framework}",
      journal = {\mnras},
     keywords = {methods: data analysis, methods: statistical, techniques: radial velocities, stars: individual: HD 177565, HD 41248, CoRoT-7, Astrophysics - Earth and Planetary Astrophysics, Statistics - Applications},
         year = "2017",
        month = "Oct",
       volume = {470},
       number = {4},
        pages = {4794-4814},
          doi = {10.1093/mnras/stx1126},
archivePrefix = {arXiv},
       eprint = {1705.03089},
 primaryClass = {astro-ph.EP},
       adsurl = {https://ui.adsabs.harvard.edu/abs/2017MNRAS.470.4794F},
      adsnote = {Provided by the SAO/NASA Astrophysics Data System}
}

@ARTICLE{Angus2016,
       author = {{Angus}, Ruth and {Foreman-Mackey}, Daniel and {Johnson}, John A.},
        title = "{Systematics-insensitive Periodic Signal Search with K2}",
      journal = {\apj},
     keywords = {asteroseismology, methods: data analysis, methods: statistical, stars: rotation, techniques: photometric, Astrophysics - Solar and Stellar Astrophysics, Astrophysics - Earth and Planetary Astrophysics},
         year = "2016",
        month = "Feb",
       volume = {818},
       number = {2},
          eid = {109},
        pages = {109},
          doi = {10.3847/0004-637X/818/2/109},
archivePrefix = {arXiv},
       eprint = {1505.07105},
 primaryClass = {astro-ph.SR},
       adsurl = {https://ui.adsabs.harvard.edu/abs/2016ApJ...818..109A},
      adsnote = {Provided by the SAO/NASA Astrophysics Data System}
}

